@inproceedings{williams2018analyzing,
	title={Analyzing evolving trends of vulnerabilities in national vulnerability database},
	author={Williams, Mark A and Dey, Sumi and Barranco, Roberto Camacho and Naim, Sheikh Motahar and Hossain, M Shahriar and Akbar, Monika},
	booktitle={2018 IEEE International Conference on Big Data (Big Data)},
	pages={3011--3020},
	year={2018},
	organization={IEEE},
	doi={iro}
}
